<record><leader>01357nam a2200373 i 4500</leader><controlfield tag="001">6672229</controlfield><controlfield tag="003">OCoLC</controlfield><controlfield tag="005">20140815090244.0</controlfield><controlfield tag="008">130829s2015    nyua     b    001 0 eng  </controlfield><datafield ind1=" " ind2=" " tag="010"><subfield code="a">  2013033937</subfield></datafield><datafield ind1=" " ind2=" " tag="020"><subfield code="a">9780199937134 (paperback)</subfield></datafield><datafield ind1=" " ind2=" " tag="020"><subfield code="a">0199937133 (paperback)</subfield></datafield><datafield ind1=" " ind2=" " tag="035"><subfield code="a">ocn857356588</subfield></datafield><datafield ind1=" " ind2=" " tag="040"><subfield code="a">DLC</subfield><subfield code="b">eng</subfield><subfield code="e">rda</subfield><subfield code="c">DLC</subfield><subfield code="d">OCLCO</subfield><subfield code="d">BDX</subfield><subfield code="d">BTCTA</subfield><subfield code="d">UAB</subfield></datafield><datafield ind1=" " ind2=" " tag="042"><subfield code="a">pcc</subfield></datafield><datafield ind1=" " ind2=" " tag="043"><subfield code="a">n-us---</subfield></datafield><datafield ind1="0" ind2="0" tag="050"><subfield code="a">HN59.2</subfield><subfield code="b">.M49 2015</subfield></datafield><datafield ind1="0" ind2="0" tag="082"><subfield code="a">322.4/40973</subfield><subfield code="2">23</subfield></datafield><datafield ind1=" " ind2=" " tag="090"><subfield code="a">HN 59.2 M49 2015</subfield><subfield code="b">AEU</subfield></datafield><datafield ind1="1" ind2=" " tag="100"><subfield code="a">Meyer, David S.,</subfield><subfield code="e">author.</subfield></datafield><datafield ind1="1" ind2="4" tag="245"><subfield code="a">The politics of protest :</subfield><subfield code="b">social movements in America /</subfield><subfield code="c">David S. Meyer (University of California, Irvine).</subfield></datafield><datafield ind1=" " ind2=" " tag="250"><subfield code="a">Second Edition.</subfield></datafield><datafield ind1=" " ind2="1" tag="264"><subfield code="a">New York :</subfield><subfield code="b">Oxford University Press,</subfield><subfield code="c">[2015]</subfield></datafield><datafield ind1=" " ind2=" " tag="300"><subfield code="a">xi, 307 pages :</subfield><subfield code="b">illustrations ;</subfield><subfield code="c">24 cm</subfield></datafield><datafield ind1=" " ind2=" " tag="336"><subfield code="a">text</subfield><subfield code="2">rdacontent</subfield></datafield><datafield ind1=" " ind2=" " tag="337"><subfield code="a">unmediated</subfield><subfield code="2">rdamedia</subfield></datafield><datafield ind1=" " ind2=" " tag="338"><subfield code="a">volume</subfield><subfield code="2">rdacarrier</subfield></datafield><datafield ind1=" " ind2=" " tag="504"><subfield code="a">Includes bibliographical references (pages 261-275) and index.</subfield></datafield><datafield ind1=" " ind2=" " tag="596"><subfield code="a">43</subfield></datafield><datafield ind1=" " ind2="0" tag="650"><subfield code="a">Protest movements</subfield><subfield code="z">United States.</subfield></datafield><datafield ind1=" " ind2="0" tag="650"><subfield code="a">Political activists</subfield><subfield code="z">United States.</subfield></datafield><datafield ind1=" " ind2="0" tag="651"><subfield code="a">United States</subfield><subfield code="x">Social conditions</subfield><subfield code="y">1980-</subfield></datafield><datafield ind1=" " ind2=" " tag="949"><subfield code="a">HN 59.2 M49 2015</subfield><subfield code="c">1</subfield><subfield code="h">UAHS-B</subfield><subfield code="i">0162035145273</subfield></datafield><datafield ind1=" " ind2=" " tag="926"><subfield code="a">HN 59.2 M49 2015</subfield><subfield code="w">LC</subfield><subfield code="c">1</subfield><subfield code="i">0162035145273</subfield><subfield code="d">12/1/2016</subfield><subfield code="e">11/14/2016</subfield><subfield code="l">ON_SHELF</subfield><subfield code="m">UAHSS</subfield><subfield code="n">1</subfield><subfield code="p">$150.00</subfield><subfield code="r">Y</subfield><subfield code="s">Y</subfield><subfield code="t">BOOK</subfield><subfield code="u">9/8/2014</subfield></datafield></record>